@article{Tzionas1997,
  author    = {P. G. Tzionas and A. Thanailakis and P. G. Tsalides},
  title     = {Collision-free path planning for a diamond-shaped robot using two-dimensional cellular automata},
  journal   = {IEEE Xplore},
  volume    = {13},
  number    = {2},
  pages     = {237-250},
  year      = {1997}
}
@article{Lopes2023,
  author    = {H. J. Mendes Lopes and D. Ara\'ujo Lima},
  title     = {Patrolling Simulation Model for Swarm Robotics Using Ant Memory Cellular Automata Maps with Genetic Algorithms Optimization},
  journal   = {SSRN},
  year      = {2023}
}
@article{Pradhan2013,
  author    = {B. Pradhan and A. A. A.-s. Abubakr},
  title     = {Monitoring and predicting land use change in Tripoli Metropolitan City using an integrated Markov chain and cellular automata models in GIS},
  journal   = {Arabian Journal of Geosciences},
  volume    = {7},
  number    = {10},
  pages     = {4291â€“4301},
  year      = {2013},
  month     = sep,
  day       = {19}
}
@article{Tripathy2019,
  author    = {P. Tripathy and K. Amit},
  title     = {Monitoring and modelling spatio-temporal urban growth of Delhi using Cellular Automata and geoinformatics},
  journal   = {Cities},
  volume    = {90},
  pages     = {52-63},
  year      = {2019}
}
@article{Adamatzky2016,
  author    = {A. Adamatzky and G. J. Mart\'inez},
  title     = {Recolonisation of USA: Slime Mould on 3D Terrains},
  journal   = {Springer},
  volume    = {21},
  number    = {16},
  pages     = {337-348},
  year      = {2016}
}
@article{Adamatzky2013,
  author    = {A. Adamatzky and G. J. Mart\'inez},
  title     = {Bio-Imitation of Mexican Migration Routes to the USA with Slime},
  journal   = {Journal of Bionic Engineering},
  volume    = {10},
  number    = {2},
  pages     = {242-250},
  year      = {2013}
}
@article{Adamatzky2009,
  author    = {A. Adamatzky},
  title     = {Developing proximity graphs by Physarum polycephalum: does the plasmodium follow the Toussaint hierarchy?},
  journal   = {Parallel Processing Letters},
  volume    = {19},
  number    = {2},
  pages     = {105-127},
  year      = {2009}
}
@book{Hopcroft1979,
    author = {J. E. Hopcroft and J. D. Ullman},
    title = {Introduction to Automata Theory, Languages, and Computation},
    publisher = {Addison-Wesley},
    year = {1979}
}
@book{Aranda2006,
  author    = {J. Aranda and N. Duro and J. L. Fern\'andez and J. Jim\'enez and F. Morilla},
  title     = {Fundamentos de L\'ogica Matem\'atica y Computaci\'on},
  publisher = {Sanz y Torres},
  year      = {2006},
  chapter   = {7},
  isbn      = {84-96094-74-X},
}
@book{Wolfram1959,
  author = {S. Wolfram},
  title = {A New Kind of Science},
  publisher = {Wolfram Media},
  year = {1959}
}
@misc{Sharma2022,
  author = {R. Sharma},
  title = {Torus},
  howpublished = {\url{https://alchetron.com/Torus}},
  year = {2022},
  note = {Accessed: 2022-02-01}
}
@book{Codd1968,
    author = { E. F. Codd},
    title = {Cellular Automata},
    editor = {A. Finerman},
    year = {1968},
    publisher = {Academic Press},
    series = {ACM Monograph Series},
}
@book{Rojas2017,
  author = {C. Rojas and S. L. Stephenson},
  title = {Myxomycetes: Biology, Systematics, Biogeography, and Ecology},
  year = {2017},
  publisher = {Academic Press},
  address = {San Diego, CA},
  isbn = {978-0-12-805089-7},
  note = {An imprint of Elsevier},
}
